<?xml version="1.0" encoding="UTF-8"?><record xmlns="http://www.loc.gov/MARC21/slim" xmlns:cinclude="http://apache.org/cocoon/include/1.0" xmlns:zs="http://www.loc.gov/zing/srw/">
  <leader>01401cz  a2200229n  4500</leader>
  <controlfield tag="001">n  89111315 </controlfield>
  <controlfield tag="003">DLC</controlfield>
  <controlfield tag="005">20080919080716.0</controlfield>
  <controlfield tag="008">900321n| acannaabn          |b ana      </controlfield>
  <datafield tag="010" ind1=" " ind2=" ">
    <subfield code="a">n  89111315 </subfield>
    <subfield code="z">n  84030161 </subfield>
  </datafield>
  <datafield tag="035" ind1=" " ind2=" ">
    <subfield code="a">(OCoLC)oca02707262</subfield>
  </datafield>
  <datafield tag="040" ind1=" " ind2=" ">
    <subfield code="a">DLC</subfield>
    <subfield code="b">eng</subfield>
    <subfield code="c">DLC</subfield>
    <subfield code="d">DLC</subfield>
    <subfield code="d">OCoLC</subfield>
  </datafield>
  <datafield tag="110" ind1="1" ind2=" ">
    <subfield code="a">Israel.</subfield>
    <subfield code="b">Ṿaʻadah li-vediḳat beʻayat ha-Kushim ha-ʻIvrim be-Yiśraʼel</subfield>
  </datafield>
  <datafield tag="410" ind1="1" ind2=" ">
    <subfield code="a">Israel.</subfield>
    <subfield code="b">Vediḳat beʻayat ha-Kushim ha-ʻIvrim be-Yiśraʼel, Ṿaʻadah li-</subfield>
  </datafield>
  <datafield tag="410" ind1="1" ind2=" ">
    <subfield code="a">Israel.</subfield>
    <subfield code="b">Ṿaʻadah li-vediḳat beʻayat ha-Kushim ha-ʻIvrim</subfield>
  </datafield>
  <datafield tag="410" ind1="1" ind2=" ">
    <subfield code="a">Israel.</subfield>
    <subfield code="b">Committee for the Examination of the Problem of the "Black Hebrews" Cult</subfield>
  </datafield>
  <datafield tag="410" ind1="1" ind2=" ">
    <subfield code="a">Israel.</subfield>
    <subfield code="b">Examination of the Problem of the "Black Hebrews" Cult, Committee for the</subfield>
  </datafield>
  <datafield tag="410" ind1="1" ind2=" ">
    <subfield code="a">ועדה לבדיקת בעית הכושים העברים בישראל</subfield>
  </datafield>
  <datafield tag="667" ind1=" " ind2=" ">
    <subfield code="a">Machine-derived non-Latin script reference project.</subfield>
  </datafield>
  <datafield tag="667" ind1=" " ind2=" ">
    <subfield code="a">Non-Latin script reference not evaluated.</subfield>
  </datafield>
  <datafield tag="670" ind1=" " ind2=" ">
    <subfield code="a">Its Din ṿe-ḥeshbon ṿe-hamlatsot, 1980:</subfield>
    <subfield code="b">t.p. (ha-Ṿaʻadah li-vediḳat beʻayat ha-Kushim ha-ʻIvrim be-Yiśraʼel) cover (ha-Ṿaʻadah li-vediḳat beʻayat ha-Kushim ha-ʻIvrim)</subfield>
  </datafield>
  <datafield tag="670" ind1=" " ind2=" ">
    <subfield code="a">"The Black Hebrews", 1980?:</subfield>
    <subfield code="b">p. ii (Committee for the Examination of the Problem of the "Black Hebrews" Cult; appointed 8-4-78 by Minister of the Interior, chaired by David Glass) p. 45 (est. 8/4/78; concluded work 20 months later)</subfield>
  </datafield>
</record>